<record><leader>00000cas a22000007a 4500</leader><controlfield tag="001">14234081</controlfield><controlfield tag="008">860918d19151921paudn ne      0    0eng d</controlfield><datafield ind1=" " ind2=" " tag="010"><subfield code="a">sn 86083357 </subfield></datafield><datafield ind1=" " ind2=" " tag="040"><subfield code="a">NPH</subfield><subfield code="b">eng</subfield><subfield code="c">NPH</subfield><subfield code="d">OCLCQ</subfield></datafield><datafield ind1=" " ind2=" " tag="042"><subfield code="a">msc</subfield></datafield><datafield ind1="0" ind2=" " tag="130"><subfield code="a">Evening tribune (Beaver Falls, Pa. : 1915)</subfield></datafield><datafield ind1="1" ind2="0" tag="245"><subfield code="a">Evening tribune.</subfield></datafield><datafield ind1=" " ind2=" " tag="260"><subfield code="a">Beaver Falls, Pa. :</subfield><subfield code="b">Tribune Print. Co.,</subfield><subfield code="c">1915-1921.</subfield></datafield><datafield ind1=" " ind2=" " tag="300"><subfield code="a">v. :</subfield><subfield code="b">ill.</subfield></datafield><datafield ind1=" " ind2=" " tag="310"><subfield code="a">Daily (except Sun.)</subfield></datafield><datafield ind1="0" ind2=" " tag="362"><subfield code="a">Jan. 20, 1915-Mar. 31, 1921.</subfield></datafield><datafield ind1=" " ind2=" " tag="752"><subfield code="a">United States</subfield><subfield code="b">Pennsylvania</subfield><subfield code="c">Beaver</subfield><subfield code="d">Beaver Falls.</subfield></datafield><datafield ind1="0" ind2="0" tag="780"><subfield code="t">Beaver Falls tribune (Beaver Falls, Pa. : 1908 : Daily)</subfield><subfield code="w">(DLC)sn 86083355</subfield></datafield><datafield ind1="0" ind2="0" tag="785"><subfield code="t">Beaver Falls tribune (Beaver Falls, Pa. : 1921 : Daily)</subfield><subfield code="w">(DLC)sn 86083356</subfield></datafield></record>